@book{Bate1971,
author = {Roger R. Bate and Donald D. Mueller and Jerry E. White},
address = {New York},
publisher = {Dover},
title = {Fundamentals of Astrodynamics},
year = {1971},
}
